@article{coquand1990proof,
  title={A proof of strong normalization for the theory of constructions using a Kripke-like interpretation},
  author={Coquand, Thierry and Gallier, Jean H},
  year={1990}
}

@article{rodrigueztype,
  title={Type theory and theorem proving in Lean},
  author={Rodr{\'i}guez, Ra{\'u}l Momblona},
  year={2021}
}
